@article{artykuł1,
author = {Adam Jakiś},
title = {Przykładowy artykuł o niczym},
journal = {Zeszyt1},
year = 1992,
volume = {17},
}

@article{artykuł2,
author = {Andrzej Nowak},
title = {Artykuł o czymś},
journal = {Zeszyt2},
year = 2019,
volume = {21},
}

@book{book1,
author = { Henryk Sienkiewicz},
title = {Potop},
publisher = {Wydawnictwo Naukowe PWN},
year = 1886,
}

@book{book2,
author = {Nikt Ważny},
title = {O czymś i o niczym},
publisher = {University of Oxford},
year = 2016,
}

@book{book3,
author = {Jack Nobody},
title = {Coś tam napisane},
publisher = {University of Cambridge},
year = 2016,
pages = {33--54},
}

@conference{Konferencja1,
author = {Nobody, important},
title = {Nic ważnego tu nie ma},
booktitle = {Zbiór konferencji},
year = 2016,
pages = {123--135},
}



@unpublished{unp,
author = {Nowak, Adam},
title = {Unpublished paper},
institution  = {Gdańsk University},
year = 2022,
}

@manual{man,
title = {Instrukcja umieszczania rysunków w TeX},
year = 2019,
}